@book{oliveiranetto2008,
  author    = {Oliveira Netto, A. A.},
  title     = {Metodologia da pesquisa científica: guia prático para a apresentação de trabalhos acadêmicos},
  edition   = {3},
  publisher = {Visual Books},
  address   = {Florianópolis},
  year      = {2008}
}

@book{ufpr2009,
  author    = {{UNIVERSIDADE TECNOLÓGICA FEDERAL DO PARANÁ}},
  title     = {Normas para elaboração de trabalhos acadêmicos},
  publisher = {UTFPR},
  address   = {Curitiba},
  year      = {2009}
}

@misc{abnt2013,
  author = {{ABNT}},
  title  = {Norma Brasileira},
  year   = {2013},
  note   = {Exemplo de fonte fictícia para figura}
}

@misc{inep2004,
  author = {{INEP}},
  title  = {Censo da Educação Superior 2004},
  year   = {2004},
  note   = {Exemplo de fonte para tabela}
}
